@inproceedings{nagappan2013diversity,
  title={Diversity in software engineering research},
  author={Nagappan, Meiyappan and Zimmermann, Thomas and Bird, Christian},
  booktitle={Proceedings of the 2013 Meeting on Foundations of Software Engineering},
  pages={466--476},
  year={2013},
  organization={ACM}
}

@article{HowWeRefactor,
  title={How we refactor, and how we know it},
  author={Murphy-Hill, Emerson and Parnin, Chris and Black, Andrew P},
  journal={Software Engineering, IEEE Transactions on},
  volume={38},
  number={1},
  pages={5--18},
  year={2012},
  publisher={IEEE}
}

@inproceedings{barowy14,
  title={CHECKCELL: Data Debugging for Spreadsheets},
  author={Daniel W Barowy and Dimitar Gochev and Emery Berger},
  booktitle={Proceedings of the 2014 Conference on Object-Oriented Programming, Systems, Languages, and Applications},  
  year={2014},
  note={To appear.}
}
